@article{AbdelKhalik1993,
  title={Why Do Private Companies Demand Auditing? A Case for Organizational Loss of Control},
  author={Abdel-Khalik, A. Rashad},
  journal={Journal of Accounting, Auditing, and Finance},
  volume={8},
  number={1},
  pages={31--52},
  year={1993},
  publisher={SAGE Publications},
  doi={10.1177/0148558X9300800103}
}

@article{Akhigbe2001,
  title={The impact of FDICIA on bank returns and risk: Evidence from the capital markets},
  author={Akhigbe, Aigbe and Whyte, Ann Marie},
  journal={Journal of Banking and Finance},
  volume={25},
  pages={393--417},
  year={2001},
  publisher={Elsevier},
  doi={10.1016/S0378-4266(99)00131-4}
}

@article{Barr2004,
  title={Banking the Poor},
  author={Barr, Michael S.},
  journal={Yale Journal on Regulation},
  volume={21},
  number={1},
  pages={121--237},
  year={2004}
}

@article{Barton2025,
  title={Weathering the Storm: Does Voluntary Auditing Forestall Regulatory Sale or Closure of Troubled Community Banks?},
  author={Barton, F. J. and Hodder, L. D. and Shepardson, M. L.},
  journal={Auditing: A Journal of Practice and Theory},
  note={(Forthcoming)},
  year={2025},
  doi={10.2308/ajpt-2023-012}
}

@article{Beck2022,
  title={The role of audit firms in spreading depositor contagion},
  author={Beck, Matthew J. and Nicoletti, Allison K. and Stuber, Scott B.},
  journal={The Accounting Review},
  volume={97},
  number={4},
  pages={51--73},
  year={2022},
  doi={10.2308/TAR-2018-0381}
}

@article{Clark1989,
  title={Regulation of Savings Associations Under the Financial Institutions Reform, Recovery, and Enforcement Act of 1989},
  author={Clark, Peter T. and Murtagh, Bart Murphy and Corcoran, Carl},
  journal={Business Law},
  volume={45},
  number={3},
  pages={1013--1102},
  year={1989},
  url={https://www.jstor.org/stable/40687108}
}

@article{Dharan1992,
  title={Auditing as a Signal in Small Business Lending},
  author={Dharan, Bala G.},
  journal={The Journal of Entrepreneurial Finance},
  volume={2},
  number={1},
  pages={1--11},
  year={1992},
  doi={10.57229/2373-1761.1128}
}

@thesis{Douglass2016,
  title={Does Assurance Matter? Evidence from U.S. Financial Institutions},
  author={Douglass, Amanda M.},
  school={University of Arkansas},
  year={2016},
  type={Graduate Theses and Dissertations},
  url={https://scholarworks.uark.edu/1703}
}

@article{Ege2025,
  title={Auditor scrutiny of loan loss estimates and bank lending: Evidence from PCAOB inspections},
  author={Ege, Matthew and Nicoletti, Allison and Stuber, Scott B.},
  journal={The Accounting Review},
  note={(forthcoming)},
  year={2025}
}

@techreport{FDIC2023,
  title={External Auditors' Reports: Communication of Internal Control Deficiencies},
  author={{Federal Deposit Insurance Corporation}},
  year={2023},
  month={June},
  institution={Federal Deposit Insurance Corporation},
  url={https://www.fdic.gov/bank-examinations/external-auditors-reports-communication-internal-control-deficiencies}
}

@techreport{FRB2023,
  title={2023 Report on Employer Firms: Findings from the 2022 Small Business Credit Survey},
  author={{Federal Reserve Banks}},
  year={2023},
  institution={Federal Reserve Banks},
  doi={10.55350/sbcs-20230308}
}

@article{Gopalan2024,
  title={Reliance on External Assurance in Regulatory Monitoring},
  author={Gopalan, Yadav K. and Imdieke, Andrew J. and Schroeder, Joseph H. and Stuber, Scott},
  journal={The Accounting Review},
  volume={99},
  number={3},
  pages={201--224},
  year={2024},
  doi={10.2308/tar-2021-0658}
}

@article{Hall2023,
  title={Auditor conservatism, audit quality, and real consequences for clients},
  author={Hall, Christian and Judd, J. Scott and Sunder, Jayanthi},
  journal={Review of Accounting Studies},
  volume={28},
  pages={689--725},
  year={2023},
  doi={10.1007/s11142-021-09653-1}
}

@article{HayashiMinhas2018,
  title={Who Are the Unbanked? Characteristics Beyond Income},
  author={Hayashi, Fumiko and Minhas, Sabrina},
  journal={Economic Review},
  volume={103},
  number={2},
  pages={55--69},
  year={2018},
  doi={10.18651/ER/2q18HayashiMinhas}
}

@misc{ICBA2024,
  title={About Community Banking},
  author={{Independent Community Bankers Association}},
  year={2024},
  howpublished={Website},
  note={Accessed April 22, 2025},
  url={https://www.icba.org/about/community-banking}
}

@misc{ICBA2025,
  title={ICBA's Letter to the 119th Congress},
  author={{Independent Community Bankers Association}},
  year={2025},
  month={January},
  howpublished={Website},
  url={https://www.icba.org/advocacy/articles/letter-to-119th-congress}
}

@article{JensenMeckling1976,
  title={Theory of the Firm: Managerial Behavior, Agency Costs and Ownership Structure},
  author={Jensen, Michael C. and Meckling, William H.},
  journal={Journal of Financial Economics},
  volume={3},
  pages={305--360},
  year={1976},
  doi={10.1016/0304-405X(76)90026-X}
}

@article{Jin2011,
  title={Ability of accounting and audit quality variables to predict bank failure during the financial crisis},
  author={Jin, Justin Yiqiang and Kanagaretnam, Kiridaran and Lobo, Gerald J.},
  journal={Journal of Banking \& Finance},
  volume={35},
  number={11},
  pages={2811--2819},
  year={2011},
  doi={10.1016/j.jbankfin.2011.03.005}
}

@article{Jin2013a,
  title={Unintended consequences of the increased asset threshold for FDICIA internal controls: Evidence from U.S. private banks},
  author={Jin, Justin Yiqiang and Kanagaretnam, Kiridaran and Lobo, Gerald J.},
  journal={Journal of Banking \& Finance},
  volume={37},
  number={12},
  pages={4879--4892},
  year={2013},
  doi={10.1016/j.jbankfin.2013.08.024}
}

@article{Jin2013b,
  title={Impact of FDICIA internal controls on bank risk taking},
  author={Jin, Justin Yiqiang and Kanagaretnam, Kiridaran and Lobo, Gerald J. and Mathieu, Robert},
  journal={Journal of Banking \& Finance},
  volume={37},
  number={2},
  pages={614--624},
  year={2013},
  doi={10.1016/j.jbankfin.2012.09.013}
}

@incollection{KandracMarsh2025,
  title={Community Banking Organizations},
  author={Kandrac, John and Marsh, W. Blake},
  booktitle={The Oxford Handbook of Banking},
  editor={Berger, Allen N. and Molyneux, Philip and Wilson, John O.S.},
  pages={407--436},
  year={2025},
  publisher={Oxford University Press}
}

@article{StuberHogan2021,
  title={Do PCAOB inspections improve the accuracy of accounting estimates?},
  author={Stuber, Scott and Hogan, Chris},
  journal={Journal of Accounting Research},
  volume={59},
  number={1},
  pages={331--370},
  year={2021},
  doi={10.1111/1475-679X.12339}
}