@article{AiLinNewton2024,
  author = {Ai, X. and Lin, C. and Newton, N.},
  year = {2024},
  title = {The Value of Auditor Verification Amid Economic Uncertainty: International Evidence from Small Business},
  journal = {Auditing: A Journal of Practice and Theory},
  volume = {43},
  number = {3},
  pages = {1-20},
  doi = {10.2308/AJPT-2022-104}
}

@article{BaughEgeYust2021,
  author = {Baugh, M. and Ege, M. and Yust, C.},
  year = {2021},
  title = {Internal control quality and bank risk-taking and performance},
  journal = {Auditing: A Journal of Practice \& Theory},
  volume = {40},
  number = {2},
  pages = {49-84},
  doi = {10.2308/AJPT-19-037}
}

@article{BeckNicolettiStuber2022,
  author = {Beck, M. J. and Nicoletti, A. K. and Stuber, S. B.},
  year = {2022},
  title = {The role of audit firms in spreading depositor contagion},
  journal = {The Accounting Review},
  volume = {97},
  number = {4},
  pages = {51-73},
  doi = {10.2308/TAR-2018-0381}
}

@article{ClarkMurtaghCorcoran1989,
  author = {Clark, P. T. and Murtagh, B. M. and Corcoran, C.},
  year = {1989},
  title = {Regulation of Savings Associations Under the Financial Institutions Reform, Recovery, and Enforcement Act of 1989},
  journal = {Business Law},
  volume = {45},
  number = {3},
  pages = {1013-1102},
  url = {https://www.jstor.org/stable/40687108}
}

@article{EgeNicolettiStuber2025,
  author = {Ege, M. and Nicoletti, A. and Stuber, S. B.},
  year = {2025},
  title = {Auditor scrutiny of loan loss estimates and bank lending: Evidence from PCAOB inspections},
  journal = {The Accounting Review},
  note = {forthcoming}
}

@online{FDIC2023,
  author = {{Federal Deposit Insurance Corporation}},
  year = {2023},
  title = {External Auditors' Reports: Communication of Internal Control Deficiencies},
  url = {https://www.fdic.gov/bank-examinations/external-auditors-reports-communication-internal-control-deficiencies},
  urldate = {2025-04-22}
}

@report{FRB2023,
  author = {{Federal Reserve Banks}},
  year = {2023},
  title = {2023 Report on Employer Firms: Findings from the 2022 Small Business Credit Survey},
  doi = {10.55350/sbcs-20230308}
}

@online{ICBA2025,
  author = {{Independent Community Bankers Association}},
  year = {2025},
  title = {ICBA's Letter to the 119th Congress},
  url = {https://www.icba.org/advocacy/articles/letter-to-119th-congress},
  urldate = {2025-04-22}
}

@online{ICBA2024,
  author = {{Independent Community Bankers Association}},
  year = {2024},
  title = {About Community Banking},
  url = {https://www.icba.org/about/community-banking},
  urldate = {2025-04-22}
}

@article{JensenMeckling1976,
  author = {Jensen, M. C. and Meckling, W. H.},
  year = {1976},
  title = {Theory of the Firm: Managerial Behavior, Agency Costs and Ownership Structure},
  journal = {Journal of Financial Economics},
  volume = {3},
  pages = {305-360},
  doi = {10.1016/0304-405X(76)90026-X}
}

@article{JinKanagaEtAl2013a,
  author = {Jin, J. Y. and Kanagaretnam, K. and Lobo, G.},
  year = {2013},
  title = {Unintended consequences of the increased asset threshold for FDICIA internal controls: Evidence from U.S. private banks},
  journal = {Journal of Banking \& Finance},
  volume = {37},
  number = {12},
  pages = {4879-4892},
  doi = {10.1016/j.jbankfin.2013.08.024}
}

@article{JinKanagaEtAl2013b,
  author = {Jin, J. Y. and Kanagaretnam, K. and Lobo, G. and Mathieu, R.},
  year = {2013},
  title = {Impact of FDICIA internal controls on bank risk taking},
  journal = {Journal of Banking \& Finance},
  volume = {37},
  number = {2},
  pages = {614-624},
  doi = {10.1016/j.jbankfin.2012.09.013}
}

@incollection{KandracMarsh2025,
  author = {Kandrac, J. and Marsh, W.},
  year = {2025},
  title = {Community Banking Organizations},
  booktitle = {The Oxford Handbook of Banking},
  editor = {Berger, A. N. and Molyneux, P. and Wilson, J. O.},
  pages = {407-436},
  publisher = {Oxford University Press}
}

@online{SEC2020,
  author = {{Securities and Exchange Commission}},
  year = {2020},
  title = {Accelerated Filer and Large Accelerated Filer Definitions},
  url = {https://www.sec.gov/resources-small-businesses/small-business-compliance-guides/accelerated-filer-large-accelerated-filer-definitions},
  urldate = {2025-04-22}
}

@article{StuberHogan2021,
  author = {Stuber, S. and Hogan, C.},
  year = {2021},
  title = {Do PCAOB inspections improve the accuracy of accounting estimates?},
  journal = {Journal of Accounting Research},
  volume = {59},
  number = {1},
  pages = {331-370},
  doi = {10.1111/1475-679X.12339}
}